<?xml version="1.0" encoding="UTF-8"?><record xmlns="http://www.loc.gov/MARC21/slim" xmlns:cinclude="http://apache.org/cocoon/include/1.0" xmlns:zs="http://www.loc.gov/zing/srw/">
  <leader>00603cz  a2200157n  4500</leader>
  <controlfield tag="001">n  86043946 </controlfield>
  <controlfield tag="003">DLC</controlfield>
  <controlfield tag="005">19940604053059.0</controlfield>
  <controlfield tag="008">870714n| acannaab|          |a ana |||  </controlfield>
  <datafield tag="010" ind1=" " ind2=" ">
    <subfield code="a">n  86043946 </subfield>
  </datafield>
  <datafield tag="040" ind1=" " ind2=" ">
    <subfield code="a">DLC</subfield>
    <subfield code="c">DLC</subfield>
    <subfield code="d">DLC</subfield>
    <subfield code="d">MoSU-L</subfield>
  </datafield>
  <datafield tag="110" ind1="2" ind2="0">
    <subfield code="a">Universidade de Coimbra.</subfield>
    <subfield code="b">Faculdade de Direito</subfield>
  </datafield>
  <datafield tag="410" ind1="2" ind2="0">
    <subfield code="a">Faculdade de Direito da Universidade de Coimbra</subfield>
  </datafield>
  <datafield tag="410" ind1="2" ind2="0">
    <subfield code="a">Faculdade de Direito de Coimbra</subfield>
  </datafield>
  <datafield tag="670" ind1=" " ind2=" ">
    <subfield code="a">Boletim da Faculdade de Direito da Universidade de Coimbra, julho 1914:</subfield>
    <subfield code="b">t.p.</subfield>
  </datafield>
  <datafield tag="670" ind1=" " ind2=" ">
    <subfield code="a">Lições de direito comunitário da concorrência, 1989?:</subfield>
    <subfield code="b">t.p. (Faculdade de Direito de Coimbra)</subfield>
  </datafield>
</record>